@article{becker1981finite,
  title={Finite Elements: An introduction},
  author={Becker, E.B. and Carey, G.F. and Oden, J.T.},
  number={v. 1},
  isbn={9780133170573},
  lccn={80025153},
  series={ACM monograph series},
  year={1981},
  publisher={Prentice-Hall}
}