@book{golub2013matrix,
  title={Matrix computations},
  author={Golub, Gene H and Van Loan, Charles F},
  year={2013},
  publisher={JHU press}
}

@book{de2000metodos,
  title={M{\'e}todos num{\'e}ricos},
  author={de Castro Cunha, Maria Cristina},
  year={2000},
  publisher={Editora da UNICAMP}
}

@misc{burden1997numerical,
  title={Numerical analysis, brooks},
  author={Burden, Richard L and Faires, J Douglas},
  year={1997},
  publisher={Cole publishing company Pacific Grove, CA:}
}