@book{strang2022introduction,
  title={Introduction to linear algebra},
  author={Strang, Gilbert},
  year={2022},
  publisher={SIAM}
}

@article{jennings1977matrix,
  title={Matrix computation for engineers and scientists},
  author={Jennings, Alan},
  journal={(No Title)},
  year={1977}
}

@book{golub2013matrix,
  title={Matrix computations},
  author={Golub, Gene H and Van Loan, Charles F},
  year={2013},
  publisher={JHU press}
}

@book{de2000metodos,
  title={M{\'e}todos num{\'e}ricos},
  author={de Castro Cunha, Maria Cristina},
  year={2000},
  publisher={Editora da UNICAMP}
}