@article{stewart2007essential,
  title={Essential calculus: Early transcendentals},
  author={Stewart, James},
  year={2007},
  publisher={Brooks/Cole, a part of the Thomson Corporation}
}

@article{becker1981finite,
  title={Finite Elements: An introduction},
  author={Becker, E.B. and Carey, G.F. and Oden, J.T.},
  number={v. 1},
  isbn={9780133170573},
  lccn={80025153},
  series={ACM monograph series},
  year={1981},
  publisher={Prentice-Hall}
}