@article{becker1981finite,
  title={Finite Elements: An introduction},
  author={Becker, E.B. and Carey, G.F. and Oden, J.T.},
  number={v. 1},
  isbn={9780133170573},
  lccn={80025153},
  series={ACM monograph series},
  year={1981},
  publisher={Prentice-Hall}
}

@article{burden2005student,
  title={Student solutions manual and study guide: numerical analysis},
  author={Burden, Richard L and Faires, J Douglas},
  journal={(No Title)},
  year={2005}
}

@book{cunhametodos,
  title={M{\'e}todos Num{\'e}ricos},
  author={Cunha, M.C.C.},
  isbn={9788526808775},
  publisher={UNICAMP}
}